% Encoding: UTF-8

@WWW{meteor,
  author = {Meteorologisches Institut},
  title  = {Meteorologisches Institut
München Theresienstr.37},
year = {2018},	
  url    = {https://www.meteo.physik.uni-muenchen.de/mesomikro/stadt/messung.php},
  note   = {Abruf am 25.07.2018},
}

@WWW{Mikro,
  author = {NA},
  title  = {Microcontroller},
	
  url    = {https://www.mikrocontroller.net/articles/Mikrocontroller},
  note   = {Abruf am 04.07.2018},
}

@WWW{out,
  author = {FCC Foward},
  title  = {Using ESP8266 GPIO0/GPIO2/GPIO15 pins},
year = {2014},
  url    = {https://www.forward.com.au/pfod/ESP8266/GPIOpins/index.html},
  note   = {Abruf am 19.07.2018},
}

@WWW{i2c,
  author = {drmpf},
  title  = {HOW TO USE THE ESP8266-01 PINS AND LEDS},
	year = {2015},
  url    = {https://www.instructables.com/id/How-to-use-the-ESP8266-01-pins/},
  note   = {Abruf am 19.07.2018},
}

@WWW{ili,
  author = {ladyada},
  title  = {Library for Adafruit ILI9341 displays},
	
  url    = {https://github.com/adafruit/Adafruit_ILI9341},
  note   = {Abruf am 015.07.2018},
}

@WWW{node,
  author = {F. Brall},
  title  = {Microcontroller},
year = {2015},
  url    = {https://www.mikrocontroller-elektronik.de/nodemcu-esp8266-tutorial-wlan-board-arduino-ide/},
  note   = {Abruf am 04.07.2018},
}

@Report{Bruhl,
  author = {T. Brühlmann},
  title  = {Arduino Praxiseinstieg},
  year   = {2015},
}

@Report{Bart,
  author = {E. Bartmann},
  title  = {Die elektronische Welt mit Arduino entdecken},
  year   = {2011},
}

@Report{Kreativ,
  author = {Hermenau, A.},
  title  = {Kreative Kompetenz},
  year   = {2014},
}

@Report{AKT,
  author = {Prof. Dr.-Ing. W. Gerke},
  title  = {Aktoren als Bewegungskomponente in mechatronischen Systemen},
  year   = {2012},
}

@Report{bonfig,
  author = {K.W. Bonfig},
  title  = {Technische Durchflussmessung},
  year   = {1977},
}

@Report{fid,
  author = {O. Fiedler},
  title  = {Strömungs- und Durchflußmeßtechnik},
  year   = {1992},
}

@Report{zr,
  author = {M.M Zdravkovich},
  title  = {Flow around circular cylinders, Vol. 1: Fundamentals.},
  year   = {1997},
}

@WWW{cosmos,
  author = {NA},
  year = {2013},
  title  = {Cosmos indirekt - Vortex-Durchflussmessung},
  url    = {https://physik.cosmos-indirekt.de/Physik-Schule/Vortex-Durchflussmesser},
  note   = {Abruf am 25.04.2018},
 }
 
 @WWW{krohne,
  author = {Krohne},
  year = {1998},
  title  = {Montage- und Betriebsanleitung VFM 311 F-T, VFM 311 W-T, Wirbelfrequenzdurchflussmesser},
  url    = {https://cdn.krohne.com/dlc/MA_VFM3100_d_72.pdf},
  note   = {Abruf am 29.04.2018},
 }
  
@WWW{pro,
  author = {Dipl.Hyd. O. Seifert},
  year = {2016},
  title  = {Vortex-Durchflussmessgeräte für Flüssigkeiten, Gas und
Dampf},
  url    = {https://portal.endress.com/wa001/dla/5000000/3646/000/00/TA_Prowirl_72_73_de.pdf},
  note   = {Abruf am 27.04.2018},
}



@WWW{pol,
  author = {NA},
  year = {2014},
  title  = {Grundlagen der Piezotechnologie},
  url    = {https://www.physikinstrumente.de/de/technologie/piezotechnologie/grundlagen/},
  note   = {Abruf am 27.04.2018},
}
@WWW{staub,
  author = {Staub, G.},
  title  = {Gregor Staub - Mega Memory},
  year   = {2016},
  url    = {www.gregorstaub.com},
  note   = {Abruf am 06.11.2016},
}

@Comment{jabref-meta: databaseType:biblatex;}

@WWW{P,
  author = {C. Köhnlein},
  title  = {Der Piezoeffekt am Beispiel des Quarzkristalls},
  year   = {2013},
  url    = {https://www.piezoeffekt.de/1theory.php},
  note   = {Abruf am 18.04.2018},
}

@Comment{jabref-meta: databaseType:biblatex;}

@WWW{I,
  author = {Richard M. Martin},
  title  = {Piezoelektrizität},
  year   = {1972},
  url    = {http://www.chemie.de/lexikon/Piezoelektrizitaet.html},
  note   = {Abruf am 18.04.2018},
}


@WWW{K,
  author = {NA},
  title  = {Piezoelektrizität},

  url    = {https://www.physikinstrumente.de/de/technologie/piezotechnologie/grundlagen/#tutoriall},
  note   = {Abruf am 21.04.2018},
}



